@inproceedings{Cai:2009,
	acmid = "1553388",
	address = "New York, NY, USA",
	author = "Deng Cai and Xuanhui Wang and Xiaofei He",
	booktitle = "{Proceedings of the 26th Annual International Conference on Machine Learning}",
	doi = "10.1145/1553374.1553388",
	isbn = "978-1-60558-516-1",
	localfile = "/home/narens/Dropbox/refs/probabilistic dyadic data analysis with local and global consistency.pdf",
	location = "Montreal, Quebec, Canada",
	numpages = "8",
	pages = "105--112",
	publisher = "ACM",
	series = "{ICML '09}",
	title = "{Probabilistic Dyadic Data Analysis with Local and Global Consistency}",
	url = "http://doi.acm.org/10.1145/1553374.1553388",
	x-fetchedfrom = "ACM Digital Library",
	year = "2009"
}